<record><leader>00000cas a2200000 a 4500</leader><controlfield tag="001">17435951</controlfield><controlfield tag="008">880205d18941898lauwr ne      0   a0eng  </controlfield><controlfield tag="009">7722</controlfield><datafield ind1=" " ind2=" " tag="010"><subfield code="a">sn 88071004 </subfield></datafield><datafield ind1=" " ind2=" " tag="040"><subfield code="a">NJW</subfield><subfield code="b">eng</subfield><subfield code="c">NJW</subfield><subfield code="d">LNP</subfield><subfield code="d">DLC</subfield><subfield code="d">OCLCF</subfield></datafield><datafield ind1=" " ind2=" " tag="012"><subfield code="l">a</subfield></datafield><datafield ind1="0" ind2=" " tag="022"><subfield code="a">2163-7113</subfield><subfield code="2">1</subfield></datafield><datafield ind1=" " ind2=" " tag="042"><subfield code="a">pcc</subfield><subfield code="a">nsdp</subfield></datafield><datafield ind1=" " ind2=" " tag="043"><subfield code="a">n-us-la</subfield></datafield><datafield ind1="0" ind2="0" tag="050"><subfield code="a">Newspaper</subfield></datafield><datafield ind1="1" ind2="0" tag="082"><subfield code="a">070</subfield><subfield code="2">14</subfield></datafield><datafield ind1=" " ind2="4" tag="222"><subfield code="a">The Louisiana populist</subfield></datafield><datafield ind1="0" ind2="4" tag="245"><subfield code="a">The Louisiana populist.</subfield></datafield><datafield ind1="1" ind2="3" tag="246"><subfield code="a">Weekly populist</subfield></datafield><datafield ind1=" " ind2=" " tag="260"><subfield code="a">Natchitoches, Natchitoches Parish, La. :</subfield><subfield code="b">Natchitoches Pub. Co.,</subfield><subfield code="c">1894-1898.</subfield></datafield><datafield ind1=" " ind2=" " tag="300"><subfield code="a">v.</subfield></datafield><datafield ind1=" " ind2=" " tag="310"><subfield code="a">Weekly</subfield></datafield><datafield ind1="0" ind2=" " tag="362"><subfield code="a">Vol. 1, no. 1 (Aug. 24, 1894)-v. 4, no. 27 (Mar. 11, 1898).</subfield></datafield><datafield ind1=" " ind2=" " tag="530"><subfield code="a">Archived issues are available in digital format as part of the Library of Congress Chronicling America online collection.</subfield></datafield><datafield ind1=" " ind2="0" tag="651"><subfield code="a">Natchitoches (La.)</subfield><subfield code="v">Newspapers.</subfield></datafield><datafield ind1=" " ind2="0" tag="651"><subfield code="a">Natchitoches Parish (La.)</subfield><subfield code="v">Newspapers.</subfield></datafield><datafield ind1=" " ind2="7" tag="655"><subfield code="a">Newspapers.</subfield><subfield code="2">fast</subfield><subfield code="0">(OCoLC)fst01423814</subfield></datafield><datafield ind1=" " ind2="7" tag="651"><subfield code="a">Louisiana</subfield><subfield code="z">Natchitoches.</subfield><subfield code="2">fast</subfield><subfield code="0">(OCoLC)fst01214642</subfield></datafield><datafield ind1=" " ind2="7" tag="651"><subfield code="a">Louisiana</subfield><subfield code="z">Natchitoches Parish.</subfield><subfield code="2">fast</subfield><subfield code="0">(OCoLC)fst01221163</subfield></datafield><datafield ind1=" " ind2=" " tag="752"><subfield code="a">United States</subfield><subfield code="b">Louisiana</subfield><subfield code="c">Natchitoches</subfield><subfield code="d">Natchitoches.</subfield></datafield><datafield ind1="0" ind2="0" tag="780"><subfield code="t">Montgomery mail (Montgomery, La.)</subfield><subfield code="w">(DLC)sn 88064520</subfield><subfield code="w">(OCoLC)18132856</subfield></datafield><datafield ind1="0" ind2="0" tag="785"><subfield code="t">Natchitoches populist</subfield><subfield code="x">2163-6478</subfield><subfield code="w">(DLC)sn 88064439</subfield><subfield code="w">(OCoLC)17991757</subfield></datafield><datafield ind1="4" ind2="1" tag="856"><subfield code="u">http://www.loc.gov/chroniclingamerica/lccn/sn88071004/issues</subfield></datafield></record>